2105 2844
251 137 347 191 xviij
863 133 895 172 P
918 132 951 172 R
972 132 1020 172 AE
1044 131 1076 172 F
1100 133 1133 172 A
1158 131 1229 172 TI
1254 132 1305 175 Ο.

251 216 363 271 prius
388 215 629 270 subscripsi,
651 213 776 267 prelo
799 213 1071 269 subjiciatur,
1097 228 1219 268 quam
1242 212 1341 253 illud
1369 213 1525 255 mendis
1554 214 1742 256 omnibus
1774 214 1913 253 fuisset

253 296 528 341 expurgatum.
561 283 652 338 Ope
684 294 908 323 erratorum
932 281 984 322 ad
1008 281 1132 322 finem
1154 282 1285 323 ultimi
1310 283 1410 323 tomi
1431 284 1738 327 collocatorum,
1766 282 1910 335 corrigi

251 363 442 411 poterunt
462 351 639 403 mendae,
657 352 687 391 si
709 366 807 406 quas
825 350 1011 391 detexero
1028 353 1068 390 in
1086 349 1253 405 legendo
1269 361 1492 406 perattente
1507 367 1629 408 opere
1644 353 1853 408 impresso.

306 597 357 639 D.
381 598 684 652 Nicolopoalo,
708 613 951 654 smyrnaem,
971 598 1032 638 vir
1054 598 1192 638 eximia
1211 596 1394 638 doctrina
1411 597 1740 638 commcndabilis
1759 608 1797 638 et
1816 597 1906 638 dili-²

250 667 502 719 gentissimus
519 667 774 719 emendator,
792 678 934 722 sponte
948 671 1017 707 sua
1031 667 1123 721 legit
1144 666 1319 721 plurima
1334 666 1563 722 specimina.
1579 667 1630 706 D.
1652 667 1819 717 Patris,
1836 665 1906 720 qui

248 733 426 790 linguam
444 750 610 789 graecam
623 736 814 787 ,latinam
828 746 866 774 et
881 735 1060 790 gallicam
1077 734 1147 774 diu
1162 735 1350 786 excoluit,
1370 738 1526 774 summa
1541 739 1635 774 cura
1651 745 1689 775 et
1706 734 1909 789 diligentia

241 816 346 845 'usus
359 815 416 844 est
433 816 476 845 ut
491 819 574 844 mea
591 803 713 844 cditio
735 804 853 859 prelis
871 803 1016 857 gallicis
1034 803 1179 843 honori
1198 813 1320 853 esset,
1337 803 1377 842 in
1403 802 1687 857 speciminibus
1706 800 1882 857 legendis
1898 831 1911 851 7

249 875 472 915 versionem
512 874 674 913 latinam
703 883 741 912 et
761 873 939 927 gallicam
971 887 1062 912 cum
1087 883 1194 912 textu
1225 886 1355 926 graeco
1381 881 1604 927 perattente
1629 869 1912 926 comparabat,

248 956 286 985 et
303 946 472 999 margini
489 945 714 983 notationes
729 940 971 997 apponebat.

304 1101 364 1142 Ex
392 1099 632 1141 lectionibus
656 1098 901 1139 variantibus
936 1099 1034 1138 tomi
1066 1098 1185 1155 primi
1209 1129 1220 1150 ,
1247 1097 1433 1154 quaedam
1458 1099 1682 1153 pracsertim
1711 1109 1803 1138 sunt
1835 1113 1912 1139 no-

248 1171 396 1212 tandae.

305 1241 349 1281 In
380 1239 568 1280 omnibus
596 1237 840 1278 editionibus
869 1238 1003 1292 graecis
1029 1247 1066 1275 et
1093 1236 1224 1275 latinis
1249 1236 1446 1292 postulata
1473 1249 1516 1290 4,
1540 1236 1590 1288 5,
1615 1237 1641 1277 6
1665 1238 1768 1277 inter
1798 1251 1907 1277 coin-

247 1325 389 1352 munes
408 1309 591 1349 notiones
609 1307 797 1347 collocata
815 1317 922 1346 sunt.

303 1377 604 1419 Demonstratio
636 1376 923 1431 propositionis
959 1375 1139 1429 septima?
1166 1373 1255 1414 libri
1280 1376 1401 1430 primi
1433 1375 1534 1415 duos
1559 1374 1679 1414 babet
1708 1389 1837 1427 casus,
1872 1386 1909 1416 ct

247 1460 381 1489 tamen
411 1461 513 1486 unus
537 1445 665 1484 solum
698 1459 807 1484 casus
835 1443 1136 1483 demonstratur
1163 1443 1203 1482 in
1238 1444 1427 1484 omnibus
1457 1444 1767 1499 manuscriptis,
1799 1445 1910 1484 nullo

248 1527 434 1571 excepto,
464 1524 502 1554 et
537 1514 574 1552 in
614 1512 856 1552 editionibus
888 1512 1042 1552 Basiliae
1069 1523 1107 1551 et
1143 1511 1321 1552 Oxoniae.
1359 1512 1566 1553 Secundus
1592 1527 1701 1552 casus
1735 1523 1791 1552 est
1819 1515 1912 1552 cuin

245 1596 445 1643 punctum
473 1592 497 1622 Δ
526 1582 667 1622 incidit
686 1582 726 1621 in
751 1580 997 1636 triangulum
1020 1588 1117 1631 ΑΒΓ,
1140 1581 1201 1620 vel
1224 1591 1422 1636 punctum
1446 1590 1469 1619 Γ
1488 1581 1527 1620 in
1549 1581 1794 1636 triangulum
1821 1590 1912 1622 Am,

245 1655 304 1696 Ut
321 1652 517 1694 secundus
536 1666 645 1692 casus
661 1650 1023 1700 demonstraretur,
1039 1660 1153 1690 antea
1171 1649 1533 1690 demonstrandum
1553 1650 1703 1701 fuerat,
1721 1650 1912 1691 lateribus

246 1722 467 1779 aequalibus
495 1719 683 1775 trianguli
709 1717 862 1759 isocelis
890 1717 1115 1773 productis,
1149 1719 1315 1772 angulos
1343 1718 1418 1758 sub
1440 1718 1522 1758 basi
1551 1719 1655 1758 inter
1676 1734 1715 1758 sc
1742 1720 1912 1773 aequales

248 1808 348 1844 cssc;
371 1789 482 1846 quod
505 1789 670 1844 quidem
692 1787 877 1829 Euclides
895 1787 1186 1828 demonstravit
1211 1789 1251 1827 in
1273 1788 1551 1843 propositione
1577 1789 1740 1843 quinta,
1769 1799 1807 1829 et
1835 1790 1911 1828 hoc

248 1872 405 1903 tantum
427 1858 710 1915 propositionis
735 1858 913 1914 septimae
930 1862 1063 1908 causa,
1079 1856 1434 1912 quandoquidem,
1451 1858 1727 1912 propositione
1740 1859 1908 1913 septima

248 1929 524 1985 cxccp151,l1aec
538 1928 827 1968 demonstratio
843 1927 1001 1966 nullum
1018 1942 1132 1965 usum
1152 1926 1271 1966 habet
1288 1927 1327 1965 in
1347 1926 1508 1980 reliquis
1521 1926 1697 1966 Euclidis
1718 1926 1910 1967 Elemen-

248 2002 316 2052 ti53
333 2015 375 2039 ex
392 1999 469 2038 hoc
486 1998 692 2037 manifeste
706 1997 901 2051 sequitur,
917 1996 1107 2049 inquiunt
1121 1994 1449 2035 omncsEnclidis
1466 2006 1815 2047 commentatores,
1830 2009 1909 2038 tex-

247 2082 333 2110 tu1n
350 2082 523 2124 graecum
543 2066 832 2122 propositionis
852 2065 1031 2121 septimae
1045 2080 1127 2104 csse
1145 2065 1389 2104 mutilatum.
1405 2064 1557 2104 Omnes
1572 2076 1910 2106 commentatores

249 2142 288 2179 in
308 2153 441 2178 errore
456 2136 730 2177 versabantur.
751 2135 894 2190 Figura
917 2134 1161 2189 incompleta
1189 2144 1272 2173 erat
1299 2133 1342 2172 in
1361 2132 1548 2172 omnibus
1575 2134 1854 2188 manuscriptis
1872 2146 1912 2174 et

248 2209 290 2248 in
324 2206 513 2248 omnibus
540 2205 796 2245 editionibus.
821 2204 1045 2244 Secundam
1067 2202 1254 2258 descripsi
1284 2201 1476 2257 figuram5
1505 2202 1676 2256 produxi
1697 2213 1819 2242 rectas
1840 2211 1908 2254 BF,

248 2286 317 2329 BA,
338 2287 375 2316 ct
392 2274 682 2315 demonstratio
701 2274 897 2328 completa
918 2273 1015 2325 suit,
1031 2273 1073 2312 in
1094 2282 1202 2311 textu
1220 2285 1347 2326 graeco
1363 2271 1470 2310 nulla
1488 2284 1581 2310 voce
1600 2276 1764 2310 mutata.

305 2344 606 2386 Demonstratio
625 2342 908 2399 propositionis
930 2354 983 2395 24
1003 2342 1104 2382 tertii
1124 2341 1213 2381 libri
1236 2351 1314 2380 tres
1333 2355 1443 2380 casus
1460 2340 1593 2380 habet.
1611 2339 1747 2380 Posito
1765 2341 1870 2380 enim
1890 2350 1910 2382 t

249 2410 368 2472 super
386 2423 434 2468 F,
469 2424 506 2453 ct
528 2423 679 2468 puncto
696 2421 716 2451 Β
747 2427 866 2466 super
885 2420 928 2460 Δ,
960 2416 1119 2467 oportet
1146 2410 1422 2451 demonstrare
1448 2418 1699 2463 segmentum
1727 2417 1803 2448 ΑΕΒ
1827 2424 1908 2449 non
