2105 2844
127 193 151 219 x
696 178 1070 221 PRAEFATIO.

130 257 371 298 Geometriae
389 272 469 299 non
490 257 700 311 studebat,
721 275 812 299 cunt
832 260 998 315 perinde
1019 261 1145 301 facere
1167 276 1211 302 ac
1230 262 1260 302 si
1275 263 1363 318 quis
1380 277 1547 318 graecam
1569 264 1782 305 latinamve

129 326 306 382 linguam
324 328 364 367 in
381 327 666 368 recentioribus
686 328 874 384 operibus
893 344 1015 384 graece
1033 341 1069 371 et
1085 331 1206 371 latine
1227 332 1382 388 scriptis
1404 332 1552 374 discere
1567 334 1671 373 velit.

187 451 451 491 Theoremata
473 451 751 507 subsequentia
766 486 775 504 ‚
802 468 892 508 quae
913 455 952 493 in
978 455 1158 509 quolibet
1175 453 1416 498 Geometriae
1445 467 1613 497 tractatu
1647 456 1781 496 adesse

132 519 276 571 solent,
298 520 338 558 in
358 519 576 560 Elementis
596 521 775 562 Euclidis
793 521 1091 562 desiderantur:

186 631 441 673 Circulorum
457 633 787 674 circumferentiae
804 634 907 674 inter
926 650 965 674 se
980 646 1076 675 sunt
1093 646 1136 675 ut
1151 649 1292 676 eorum
1313 635 1511 676 diametri.

186 743 366 797 Quilibet
381 744 550 784 circulus
559 746 720 800 aequalis
735 757 792 786 est
809 747 1008 801 triangulo
1024 747 1253 800 rectangulo
1266 749 1378 803 cujus
1391 762 1519 787 unum
1534 761 1576 787 ex
1591 747 1781 787 lateribus

129 814 320 868 angulum
343 824 497 852 rectum
512 813 809 854 continentibus
830 815 980 869 :equale
1004 826 1060 856 est
1084 815 1423 869 semi-diametro,
1450 817 1619 856 alterum
1649 827 1783 855 autem

128 883 279 937 aequale
296 882 639 922 circumferentiae.

185 951 409 1005 Cujuslibet
433 950 601 1004 cylindri
619 951 714 991 recti
731 950 958 1006 superficies
977 966 1147 992 convexa
1162 953 1321 1007 aequalis
1339 963 1396 993 est
1420 952 1647 1007 rectangulo
1670 953 1782 1003 cujus

128 1018 299 1059 altitudo
315 1020 476 1073 aequalis
491 1031 546 1059 est
565 1019 733 1074 cylindri
749 1020 881 1072 lateri,
900 1021 1012 1074 cujus
1030 1031 1164 1060 autem
1190 1021 1291 1061 basis
1307 1022 1467 1076 aequalis
1495 1031 1550 1059 est
1573 1019 1781 1060 circumfe-

130 1089 269 1128 rentiae
287 1087 388 1127 basis
409 1088 600 1141 cylindri,
618 1089 678 1128 vel
696 1088 842 1128 circulo
866 1090 977 1142 cnjus
993 1088 1304 1128 semi—diameter
1323 1088 1451 1128 media
1470 1087 1783 1143 proportionalis

129 1168 186 1196 est
204 1158 307 1196 inter
323 1157 424 1196 latus
446 1156 613 1211 cylindri
633 1167 671 1196 et
689 1156 930 1197 diametrum
952 1156 1054 1196 basis
1072 1157 1256 1211 cylindri.

179 1248 406 1305 Cujuslibct
428 1250 515 1289 coni
539 1250 656 1301 recti,
672 1256 829 1304 excepta
847 1249 926 1288 basi
946 1281 956 1300 a
978 1249 1204 1304 superficies
1222 1264 1393 1290 convexa
1413 1251 1573 1304 aequalis
1591 1260 1648 1289 est
1664 1251 1781 1290 trian-

122 1320 215 1374 gulo
231 1319 459 1373 reetangulo
481 1321 592 1373 cujus
608 1334 734 1358 unum
751 1319 921 1357 laterum
938 1319 1127 1371 angulum
1145 1328 1297 1357 rectum
1313 1320 1607 1358 continentium
1621 1320 1774 1372 aequale

122 1399 178 1427 est
197 1388 283 1427 coni
311 1388 440 1437 lateri,
466 1388 637 1426 alterum
655 1400 749 1425 vero
771 1386 921 1440 aequale
941 1386 1275 1425 circumferentiae
1290 1386 1392 1425 basis
1415 1387 1529 1437 coni,
1549 1387 1611 1426 vel
1632 1387 1778 1425 circulo

123 1456 236 1510 cujus
256 1456 565 1496 semi—diameter
580 1456 706 1495 media
728 1455 1039 1511 proportionalis
1058 1465 1114 1496 est
1130 1455 1234 1495 inter
1251 1456 1340 1496 coni
1356 1455 1457 1496 latus
1471 1466 1508 1495 et
1521 1454 1783 1495 semi-diame-

119 1535 231 1565 trum
253 1524 386 1564 circuli
409 1524 476 1579 qui
497 1524 585 1564 coni
607 1535 663 1562 est
681 1523 794 1563 basis.

174 1619 412 1674 Superfieies
430 1633 614 1659 convexae
633 1618 909 1674 cylindrorum
928 1629 1129 1658 rectorum
1156 1629 1192 1658 et
1216 1618 1429 1668 similium,
1453 1628 1490 1657 et
1513 1618 1630 1656 etiam
1649 1631 1771 1656 cono-

118 1703 209 1728 rum
236 1698 441 1728 rectorum
473 1699 510 1728 et
531 1689 745 1732 similium,
767 1698 861 1727 sunt
886 1687 991 1727 inter
1018 1702 1057 1726 se
1084 1697 1128 1726 ut
1155 1686 1340 1727 diametri
1362 1686 1516 1726 basium
1541 1685 1775 1725 eorumdem

123 1755 401 1811 cylindrorum
425 1767 461 1796 et
487 1771 697 1796 conornm.

173 1837 399 1892 Cujuslibet
432 1837 598 1892 sphaerae
634 1837 863 1892 superficies
904 1837 1063 1891 aequalis
1096 1847 1152 1876 est
1179 1847 1355 1891 quatuor
1387 1835 1564 1875 maximis
1596 1835 1627 1888 ej
1637 1833 1776 1873 iisdem

116 1906 281 1962 sphaerae
301 1907 479 1957 circulis,
499 1908 556 1946 vel
577 1905 797 1961 superficiei
820 1920 1002 1945 coni-exre
1019 1905 1188 1959 cylindri
1211 1903 1511 1958 circumscripti.

173 1974 431 2030 Sphzerarunt
453 1974 682 2030 superficies
701 1976 803 2014 inter
819 1990 858 2014 se
875 1984 969 2013 sunt
990 1984 1033 2012 ut
1052 1973 1248 2028 quadrata
1265 1988 1403 2013 earum
1425 1972 1729 2012 diametrorum.

171 2066 372 2120 Quaelibet
387 2067 538 2122 sphaera
550 2068 706 2122 aequalis
720 2079 775 2109 est
789 2068 944 2108 duabus
956 2068 1079 2108 tertiis
1094 2067 1274 2124 partibus
1287 2067 1457 2123 cylindri
1469 2067 1772 2122 circumscripti,

173 2179 366 2221 Nonnulli
383 2179 585 2220 credidere
601 2181 685 2220 haec
706 2181 947 2221 theoremata
968 2197 1011 2221 ex
1024 2180 1202 2221 Euclidis
1215 2180 1434 2221 Elementis
1452 2180 1654 2219 evanuisse
1675 2190 1773 2217 tem-

117 2263 264 2306 porum
279 2249 552 2300 inclementia3
573 2249 640 2289 sed
656 2249 765 2289 salso.
786 2250 881 2290 Haec
897 2251 1003 2290 enim
1024 2251 1270 2289 theoremata
1294 2264 1387 2305 quae
1405 2247 1670 2306 demonstrari
1690 2262 1771 2286 non

116 2328 285 2373 possunt
306 2317 378 2356 nisi
405 2332 481 2372 ope
500 2329 675 2372 quatuor
696 2321 922 2373 primorum
945 2319 1242 2374 postulatorum
1260 2319 1301 2358 in
1323 2319 1436 2358 initio
1460 2317 1576 2373 primi
1606 2316 1696 2355 libri
1719 2315 1773 2355 de

117 2386 299 2440 §plicet-d
314 2394 357 2425 et
375 2385 579 2440 Cylindro
600 2387 847 2442 positorum,
873 2387 1140 2427 demonstrari
1167 2401 1249 2427 non
1273 2396 1494 2443 potuerunt
1517 2385 1565 2425 ab
1590 2383 1770 2434 Euclide,

116 2455 185 2508 qui
205 2454 289 2494 baec
307 2453 558 2495 Archimedis
575 2455 772 2510 postulata
792 2470 874 2496 non
893 2455 1121 2496 admiserat.
