2105 2844
172 166 244 219 xtzj
773 161 1266 202 PRAEFATIO.

227 245 413 287 Euclides
428 246 504 285 1100
526 243 779 284 corollarium
800 253 957 283 mutare
977 243 1170 298 potuisset
1195 244 1235 281 in
1258 244 1480 294 theorema,
1503 243 1580 283 1100
1596 243 1717 283 modo
1736 257 1744 281 t

231 315 271 354 Si
291 312 584 368 magnitudines
598 312 830 368 compositae
849 310 907 369 (ff)
918 312 999 352 sint
1015 312 1356 368 proportionales,
1378 312 1700 369 proportionales
1717 320 1836 352 erunt

174 399 245 440 per
264 382 578 423 conversionem.

680 462 701 485 Α
1011 461 1031 485 E
1354 461 1372 484 B

680 532 698 555 Γ
946 532 963 555 Ζ
1186 533 1208 554 Δ

230 601 320 641 Sint
337 600 632 655 magnitudines
651 602 883 655 compositae
896 610 967 651 ΑΒ,
982 609 1054 653 ΑΕ,
1073 609 1143 650 ΓΔ,
1167 608 1240 650 ΓΖ,
1262 611 1298 640 et
1320 600 1369 639 sit
1391 610 1435 639 ut
1449 607 1498 638 AB
1515 599 1565 640 ad
1582 608 1633 638 ΑΕ
1648 600 1699 639 ita
1719 609 1771 639 ΓΔ
1787 601 1836 641 ad

177 678 248 721 FZ3
266 670 354 710 dico
369 685 439 725 per
457 670 755 709 conversionem
773 681 816 709 nt
834 678 883 708 AB
902 669 952 709 ad
970 678 1020 708 ΕΒ
1042 670 1094 709 ita
1115 685 1194 709 esse
1209 677 1260 707 ΓΔ
1277 669 1328 708 ad
1348 677 1414 708 ΖΔ.

231 739 435 791 Quoniam
458 739 563 778 enim
579 747 684 777 utAB
701 738 751 778 ad
772 747 824 778 ΑΕ
842 739 894 778 ita
911 746 964 777 ΓΔ
984 749 1041 778 est
1056 737 1106 777 ad
1124 746 1198 789 ΓΖ,
1216 738 1366 777 alterne
1387 737 1509 790 igitur
1526 748 1570 776 ut
1585 745 1631 776 AB
1653 737 1702 777 ad
1718 747 1769 776 ΓΔ
1787 740 1839 778 ita.

179 815 297 848 cstAE
307 807 356 847 ad
367 807 445 863 ΓΖ(
464 807 525 848 16,
537 807 604 862 5);
624 817 828 846 ostensum
849 817 981 846 autem
994 817 1050 846 est
1065 814 1167 845 utAB
1180 805 1230 844 ad
1242 814 1294 845 ΓΔ
1309 806 1361 844 ita
1376 819 1455 844 esse
1469 814 1519 844 ΕΒ
1533 805 1582 844 ad
1592 806 1666 862 Za(
1686 821 1746 859 19.
1760 809 1785 847 5
1802 808 1839 861 >3

179 877 329 916 alterne
346 876 468 930 igitur
488 885 531 914 ut
546 883 594 914 AB
613 875 663 914 ad
683 883 731 913 ΕΒ
750 875 801 914 ita
818 885 875 914 est
890 883 943 913 ΓΔ
960 874 1010 914 ad
1022 883 1094 925 ΖΔ,
1115 874 1193 913 1100
1212 884 1268 912 est
1286 885 1331 913 ut
1348 882 1398 912 AB
1411 873 1461 913 ad
1479 882 1630 913 Ass-AE
1648 875 1699 914 ita
1718 887 1774 915 est
1787 884 1841 916 ΓΔ

178 945 227 986 ad
244 953 400 985 ΓΔ-ΓΖ
424 945 436 1001 (
460 945 520 986 16.
536 944 561 984 5
578 960 588 995 3
603 943 715 999 quod
730 955 785 983 est
802 959 875 999 per
892 944 1204 984 couversionem.
1224 942 1349 995 Quod
1367 954 1449 983 erat
1464 942 1840 984 demonstrandum.

234 1072 278 1111 In
299 1081 406 1110 textu
426 1083 553 1123 groeco
574 1069 835 1124 manuscripti
856 1083 950 1123 190,
973 1083 1230 1124 nequaquam
1251 1069 1382 1124 agitur
1398 1067 1446 1108 de
1462 1069 1706 1109 circulorum
1721 1080 1844 1109 secto-

178 1140 288 1180 ribus
317 1139 356 1179 in
383 1137 522 1177 ultima
550 1137 643 1176 sexti
671 1136 762 1176 libri
796 1137 1086 1193 propositione.
1118 1137 1263 1177 Manus
1290 1138 1415 1176 aliena
1444 1138 1550 1177 inter
1582 1139 1702 1178 lineas
1732 1149 1770 1178 et
1800 1139 1843 1178 iu

180 1210 357 1263 margine
368 1206 627 1262 manuscripti
645 1206 960 1246 exaravitomnia
976 1206 1128 1261 quaead
1143 1218 1315 1247 sectores
1330 1207 1522 1260 attinent,
1539 1217 1576 1247 et
1588 1222 1679 1261 quae
1697 1207 1844 1248 adsunt

180 1279 222 1318 in
244 1288 349 1317 textu
368 1290 496 1331 graeco
513 1275 695 1315 omniurn
718 1275 890 1314 aliorum
915 1276 1287 1330 manuscriptorum
1305 1286 1343 1315 et
1368 1276 1408 1314 in
1432 1275 1675 1316 editionibus
1691 1276 1843 1318 Basitiae

182 1358 220 1387 et
241 1345 420 1386 Oxoniae.
440 1344 528 1383 Hoc
544 1342 845 1395 addimentum,
859 1343 972 1398 quod
995 1343 1037 1383 in
1051 1358 1182 1383 meam
1201 1343 1420 1384 editionem
1435 1343 1647 1385 admittere
1672 1359 1754 1385 non
1773 1345 1843 1386 de-

183 1415 378 1465 buissem,
395 1414 518 1453 textui
529 1429 548 1452 a
560 1413 726 1453 Theone
742 1412 894 1452 factum
915 1423 984 1452 est.
999 1411 1062 1453 Sic
1077 1413 1259 1467 loquitur
1271 1413 1415 1453 Theon
1432 1414 1472 1452 in
1488 1413 1567 1452 suis
1587 1414 1627 1453 in
1642 1414 1844 1468 Almages-

181 1497 269 1525 tum
293 1482 610 1533 commentariis,
633 1497 671 1537 p.
698 1481 767 1533 50,
794 1482 817 1521 l.
847 1497 895 1536 7,
927 1480 1023 1521 edit.
1053 1481 1229 1533 Basiliae‚
1257 1496 1364 1522 anno
1395 1481 1529 1522 1538:
1554 1501 1573 1518 «
1605 1483 1651 1521 ὅτι
1681 1486 1714 1521 δὲ
1747 1487 1775 1522 οἱ
1797 1485 1838 1522 ἐπ’

182 1560 260 1592 ἴσων
278 1553 407 1592 κύκλων
427 1556 532 1601 τεμεῖς
550 1552 629 1605 πρὶς
647 1549 811 1595 ἀλλήλους
829 1554 904 1590 εἰσὶν
927 1553 970 1595 ὠς
989 1554 1022 1589 αἱ
1038 1555 1153 1601 γωνίαι
1170 1553 1213 1601 ἐρ’
1238 1551 1282 1589 ὧν
1303 1549 1460 1602 βεὲἦκασι
1478 1551 1635 1590 δέδεικται
1651 1549 1728 1602 ἡμῖν
1751 1554 1784 1591 ἐν
1804 1560 1842 1606 τῇ

184 1621 312 1661 ἐκθέσει
332 1628 396 1659 τῶν
417 1624 579 1672 στοιχείων
600 1621 680 1673 πρὸς
702 1625 744 1667 τῴ
762 1619 840 1658 τέλει
855 1624 911 1657 τοῦ
926 1620 1020 1658 ἕκτου
1036 1623 1174 1672 (sefflica.
1197 1637 1213 1655 n
1240 1618 1369 1674 Quod
1382 1627 1527 1658 autem
1549 1619 1591 1659 in
1613 1620 1846 1676 [equalibus

185 1690 359 1732 circulis
389 1697 578 1728 sectores
608 1688 720 1727 inter
738 1702 785 1726 se
808 1696 907 1727 sunt
931 1696 976 1727 ut
1001 1688 1149 1743 anguli
1170 1688 1213 1728 isi
1240 1688 1322 1728 illis
1343 1688 1496 1742 positi,
1527 1697 1742 1730 ostensum
1757 1689 1847 1743 fuit

185 1775 210 1801 α
230 1759 348 1800 nobis
364 1759 405 1799 in
425 1758 607 1799 editione
621 1756 951 1798 Elementorum
968 1757 1028 1797 ad
1022 1758 1171 1811 finem
1188 1757 1285 1797 libri
1296 1757 1423 1798 sexti.

242 1843 319 1882 1100
333 1840 512 1880 Theonis
527 1839 827 1889 addimentum,
844 1839 956 1893 quod
982 1840 1022 1878 in
1037 1838 1373 1894 subsequentibus
1391 1839 1546 1879 nullum
1567 1839 1688 1880 habet
1707 1856 1843 1892 usum,

186 1911 364 1951 Euclidis
380 1908 623 1949 festinationi
641 1922 797 1948 moram
814 1909 943 1948 ass'ert.
958 1908 1003 1947 In
1025 1907 1137 1948 libris
1159 1909 1380 1963 praesertim
1403 1922 1473 1959 10,
1496 1920 1546 1961 14
1561 1939 1573 1960 ,
1595 1909 1644 1949 15
1659 1913 1844 1961 ,necnon

186 1982 227 2019 in
252 1980 363 2019 Datis
383 1978 481 2018 bene
500 1977 645 2016 multas
660 1975 978 2032 surperfluitates
994 1976 1164 2032 reperias
1181 1991 1353 2030 quarum
1370 1976 1573 2016 nullamin
1586 1988 1693 2017 textu
1708 1994 1847 2019 manu·

188 2049 336 2103 scripto
361 2045 533 2100 190.Ob
552 2045 592 2085 id
610 2046 810 2100 praecipue
827 2045 1039 2087 Euclidem
1056 2044 1189 2085 mirati
1208 2056 1300 2085 sunt
1317 2045 1429 2101 quod
1443 2046 1507 2085 ille
1523 2045 1574 2086 ad
1591 2049 1847 2102 propositum

189 2117 337 2157 directe
353 2115 501 2166 tendit,
518 2129 743 2168 numquam
763 2113 813 2154 de
831 2114 893 2153 via
907 2113 1109 2153 declinans
1131 2118 1199 2152 sua
1219 2112 1523 2154 demonstrandi
1553 2120 1667 2155 causa
1688 2131 1779 2171 quae
1798 2117 1848 2158 ad

190 2185 532 2241 progrediendum
548 2197 801 2238 nequaquam
817 2193 911 2221 sunt
924 2183 1154 2222 necessaria.
1173 2181 1251 2222 Sed
1270 2182 1347 2222 hoc
1372 2183 1443 2222 soli
1464 2185 1740 2238 manuscripto
1773 2199 1848 2239 190

189 2255 405 2297 convenire
441 2263 571 2308 potest
587 2269 597 2303 3
629 2253 762 2306 itaque
790 2265 872 2291 non
908 2251 1082 2291 absurde
1107 2252 1344 2307 conjecerim
1379 2252 1637 2299 emendatum
1670 2252 1848 2292 Euclidis

231 2390 273 2429 (⁴¹)
297 2390 436 2427 Quatuor
448 2387 672 2426 magnitudines
687 2386 826 2416 dicuntur
839 2385 1028 2427 compositae,
1045 2384 1168 2428 quando
1183 2384 1315 2415 secunda
1331 2390 1376 2414 est
1391 2385 1526 2425 quaedam
1551 2384 1654 2415 fractio
1671 2386 1796 2426 primm,
1815 2393 1843 2417 ev.

192 2450 296 2485 quarta
312 2441 448 2483 quiedam
463 2440 569 2471 fractio
583 2440 686 2470 tertiae.
