2105 2844
144 209 214 234 xiv
732 189 1175 232 PRAEFATIO.

140 290 273 330 opera.
311 274 591 329 Quapropter,
622 272 772 312 contuli
814 272 1131 327 manuscriptum
1169 286 1244 325 ¹90
1277 287 1367 312 cum
1401 272 1574 315 editione
1608 274 1796 327 Oxoniae,

139 344 369 399 exaraviquc
392 344 577 383 lectiones
598 343 791 383 variantes
810 342 849 381 in
869 342 1046 396 margine
1067 342 1198 398 operis
1217 342 1409 398 impressi.

190 565 267 605 His
292 565 495 621 perfectis,
514 563 564 604 ad
590 564 783 604 variantes
805 565 992 605 lectiones
1022 565 1187 620 margini
1210 565 1406 619 appositas
1433 565 1592 606 sedulus
1619 564 1790 616 attendi,

135 645 173 674 et
200 634 282 674 aliis
303 633 582 689 manuscriptis
607 633 825 684 accersitis,
845 634 949 673 hanc
969 645 1035 672 aut
1056 634 1157 672 illam
1179 633 1388 673 lectionem
1410 635 1625 673 variantem
1643 635 1683 673 111
1706 633 1790 673 edi-

132 704 284 744 tionem
312 704 568 760 parisiensem
595 702 759 753 admisi,
778 702 837 742 vel
864 701 913 741 ab
933 707 975 740 eit
1004 702 1131 756 rejeci.
1150 701 1473 756 Manuscriptum
1498 715 1571 755 ¹90
1590 702 1790 756 potiorem

130 772 276 824 habui,
303 771 636 826 quotiescumque
658 770 764 810 nulla
789 769 887 810 mihi
913 768 990 809 suit
1012 770 1111 810 ratio
1137 784 1206 811 cur
1225 770 1327 810 hanc
1351 780 1420 809 aut
1446 770 1549 810 illam
1578 769 1789 808 lectionem

129 840 379 898 praeferrem.

188 910 360 949 Textum
393 923 565 963 graecum
598 907 651 947 sic
679 907 946 947 constitutum
975 906 1015 945 in
1043 905 1210 945 latinum
1238 908 1437 958 converti,
1471 918 1508 946 et
1539 921 1791 961 quzecnntpie

130 993 173 1017 ex
194 977 436 1017 variantibus
455 992 553 1031 quas
567 976 804 1016 admiscram
823 975 1082 1026 lectionibus,
1106 977 1253 1014 mutari
1283 975 1359 1016 fuit
1387 987 1682 1032 opportunum,
1705 976 1790 1015 luce

127 1050 169 1088 in
189 1049 368 1088 versione
389 1048 524 1101 gallica
548 1057 699 1086 mutata
722 1057 830 1086 sunt.

184 1117 274 1156 Mea
291 1117 412 1155 latina
435 1116 565 1155 versio
590 1114 640 1155 ad
663 1114 835 1155 verbum
856 1114 977 1154 textui
997 1129 1127 1169 graeco
1152 1115 1355 1170 congruit,
1377 1115 1451 1154 nisi
1476 1112 1574 1169 quid
1593 1114 1788 1168 peculiare

132 1201 196 1226 me
226 1185 398 1240 coegerit
422 1195 464 1224 ut
491 1199 601 1224 secus
631 1183 814 1224 facerem.
846 1183 1041 1223 Nonnulli
1062 1184 1103 1223 in
1132 1189 1217 1224 mea
1240 1184 1419 1224 versione
1448 1193 1657 1224 occurrent
1683 1182 1786 1221 forte

127 1253 370 1304 hellenismi,
390 1263 459 1292 aut
487 1253 625 1292 saltem
650 1250 837 1305 quaedam
858 1251 1080 1291 locutiones
1103 1268 1123 1292 a
1148 1252 1295 1306 quibus
1322 1252 1457 1306 lingua
1485 1251 1603 1290 latina
1631 1250 1784 1290 abhor-

127 1338 213 1363 rere
243 1320 418 1362 videtur.
444 1320 532 1360 Illas
563 1319 730 1374 quidem
761 1319 887 1360 vitare
914 1318 1156 1375 potuissem,
1187 1319 1256 1360 sed
1285 1335 1371 1359 mea
1402 1320 1530 1360 versio
1558 1334 1650 1359 cum
1676 1330 1786 1358 textu

124 1404 252 1446 graeco
268 1389 400 1429 minus
418 1388 557 1428 fuisset
573 1398 850 1428 consentanea.

181 1460 242 1499 De
265 1462 351 1498 mea
377 1455 639 1497 convertendi
670 1456 844 1507 ratione,
867 1455 973 1496 viros
1001 1455 1042 1496 in
1068 1459 1192 1509 graeca
1220 1455 1422 1510 latumque
1444 1455 1579 1508 lingua
1605 1456 1786 1495 versatis·

124 1529 244 1568 simos
272 1526 468 1566 consului.
497 1525 547 1565 D.
581 1525 838 1576 Delamhre,
866 1525 1098 1564 secretarius
1129 1535 1345 1579 perpetuus
1373 1524 1501 1564 classis
1529 1524 1784 1564 scientiarum

124 1596 383 1652 physicarum
415 1604 453 1633 et
478 1593 852 1633 mathematicarum
875 1593 1053 1633 Instituti
1080 1593 1277 1644 Franciae,
1310 1608 1465 1633 necnon
1503 1592 1782 1633 Universitatis

126 1674 323 1719 quaestor,
356 1677 484 1702 meam
515 1662 738 1702 versionem
768 1661 954 1716 dignatus
976 1673 1034 1702 est
1060 1661 1327 1717 perpendere,
1361 1673 1399 1702 et
1428 1662 1537 1701 utilia
1563 1662 1661 1702 mihi
1689 1662 1782 1702 dare

132 1733 309 1776 consilia.
331 1731 446 1772 Hanc
462 1734 505 1773 ea
520 1730 570 1772 de
586 1746 629 1772 re
644 1730 695 1771 ad
712 1745 776 1772 me
792 1731 950 1788 scripsit
967 1731 1177 1788 epistolam
1197 1746 1205 1771 ε

1127 1923 1270 1961 Parisiis,
1291 1934 1332 1954 20
1355 1922 1512 1954 februarii
1540 1925 1635 1955 1812.

167 2032 251 2062 Cum
267 2031 433 2074 voluptate
449 2031 586 2073 legimus
602 2044 655 2064 sex
673 2033 774 2076 prima
788 2031 864 2064 folia
874 2032 920 2064 tui
934 2031 1080 2063 Euclidis
1091 2031 1265 2072 trilinguis.
1277 2032 1340 2061 Tui
1352 2031 1563 2062 commissarii
1578 2030 1779 2063 desiderium

123 2091 374 2121 enuntiaverant
400 2091 534 2121 videndi
563 2091 688 2122 editum
719 2091 867 2122 Euclidis
891 2099 1018 2122 textum
1048 2101 1192 2131 graecum
1218 2098 1437 2132 expurgatum
1470 2089 1623 2120 omnibus
1652 2090 1780 2122 mendis

120 2161 200 2192 quas
224 2150 416 2190 castigavisti
444 2151 747 2193 manuscriptorum
771 2162 848 2193 ope,
875 2154 906 2182 et
929 2149 1170 2192 locupletatum
1197 2148 1350 2179 omnibns
1372 2148 1584 2178 incrementis
1613 2160 1684 2190 qnae
1719 2148 1777 2178 tibi

120 2207 417 2250 suppeditaverunt
440 2209 655 2252 manuscripti
677 2220 683 2240 :
710 2220 786 2240 mox
811 2220 927 2240 eorum
953 2208 1170 2250 omniumque
1192 2207 1369 2237 doctorum
1395 2205 1540 2249 explebis
1565 2206 1777 2237 desiderium.

164 2316 310 2348 Multum
330 2316 436 2359 probo
450 2317 540 2359 quod
557 2318 774 2349 constitutum
791 2317 932 2349 habuisti
949 2316 1090 2348 reddere
1103 2316 1429 2348 versionemlatinam
1443 2324 1506 2346 tam
1525 2323 1778 2347 consentaneam

120 2387 220 2418 quam
235 2375 493 2418 utraquelingua
504 2376 591 2407 ferre
606 2376 854 2419 potest.Graecis
870 2384 962 2407 erant
974 2376 1045 2406 ‹lua›
1059 2377 1115 2406 viae
1129 2375 1385 2407 indicandorum
1400 2385 1534 2404 casuum
1550 2373 1761 2416 obliquorum
1773 2399 1780 2412 ,

122 2435 309 2465 terminatio
338 2435 461 2466 scilicet
491 2444 521 2466 et
549 2435 724 2475 articulus,
753 2435 887 2477 quando
914 2446 978 2465 uua
1007 2446 1120 2465 earum
1147 2434 1288 2465 duarum
1318 2434 1482 2463 rationum
1509 2443 1563 2463 eos
1591 2431 1781 2470 deficiebat,

121 2494 213 2535 quod
227 2504 311 2537 saepe
331 2494 364 2526 in
382 2494 561 2538 geometria>⁴
575 2494 753 2536 contingit,
771 2493 927 2527 articulus
946 2493 1019 2526 satis
1039 2501 1105 2525 crat
1123 2492 1163 2525 ad
1183 2504 1315 2524 omnem
1333 2491 1509 2523 tollendam
1530 2490 1778 2522 dubitationem.
