2105 2844
665 376 1652 467 PRAEFATIO.

323 770 579 836 Echmi-:s
596 793 693 834 vixit
709 792 962 848 temporibus
976 791 1295 848 Ptolemaei-Lagi
1306 825 1317 846 ,
1335 794 1490 835 circiter
1505 811 1659 836 annum
1675 813 1752 852 272
1769 808 1861 837 ante
1874 813 1998 839 aeram

320 866 552 920 vulgarem3
573 862 833 903 Archimedes
857 862 937 902 suis
959 862 1000 901 in
1023 860 1135 900 libris
1154 877 1258 918 saepe
1279 863 1328 903 de
1347 865 1416 905 illo
1436 866 1634 907 meminit.
1654 866 1842 906 Euclides
1861 884 1881 906 a
1898 868 1997 908 Pto-

321 937 464 976 lemaeo
486 935 755 988 interrogatus
776 948 826 972 an
849 946 932 971 non
957 941 1057 971 esset
1078 931 1294 972 methodus
1318 932 1516 974 discendae
1536 934 1782 975 Geometriae
1802 937 1998 977 methodo

323 1008 393 1044 sua
414 1003 566 1043 facilior
584 1017 592 1041 z
614 1001 707 1041 Non
729 1011 789 1041 est
808 1000 910 1054 regia
924 1030 933 1048 ‚
955 999 1091 1054 inquit
1106 998 1314 1052 Euclides,
1332 1000 1382 1040 ad
1399 1000 1676 1042 Geometriam
1696 1002 1770 1042 via.
1790 1003 1889 1044 Haee
1904 1015 2000 1045 tan-

324 1086 414 1116 tum
429 1074 478 1114 de
493 1071 663 1113 Euclide
682 1071 869 1111 novimus
892 1087 901 1110 z
922 1074 1002 1125 qua
1018 1071 1068 1110 sit
1083 1071 1212 1126 patria
1228 1070 1426 1111 oriundus
1442 1071 1665 1128 ignoratur.

379 1214 485 1254 Ante
503 1210 716 1252 Euclidem
739 1208 930 1265 permulti
954 1207 1183 1248 floruerunt
1202 1219 1430 1263 geometrae.
1451 1208 1611 1249 Primus
1631 1210 1817 1250 omnium
1835 1210 1998 1251 Graeco-

325 1291 439 1335 rum,
454 1280 641 1322 Euclides
656 1295 797 1321 eorum
812 1294 933 1334 opera
950 1278 1127 1332 collegit,
1149 1278 1312 1318 collecta
1328 1277 1488 1333 digessit
1499 1310 1509 1330 ,
1531 1290 1568 1318 et
1581 1294 1672 1333 quae
1689 1279 1710 1318 f
1709 1291 1850 1320 nerant
1865 1280 2000 1320 incon-

326 1353 409 1394 dite
429 1352 724 1402 demonstrata,
748 1364 791 1388 ea
812 1346 1227 1388 demonstrationibus
1245 1346 1490 1386 inconcussis
1512 1348 1729 1387 exornavit.

379 1504 560 1545 Plurima
586 1517 708 1558 opera
731 1499 921 1540 Euclides
950 1498 1269 1554 conscripseram
1303 1511 1347 1537 ex
1372 1495 1521 1551 quibus
1551 1497 1746 1536 tredecim
1777 1496 1870 1537 libri
1903 1498 1997 1538 Ele-

326 1585 561 1616 mentorum
577 1582 616 1611 ct
631 1571 735 1610 Data
754 1580 914 1609 tantum
934 1579 1164 1624 supersunt.

384 1644 607 1684 Librorum
631 1642 818 1682 omnium
844 1640 914 1695 qui
937 1639 987 1679 de
1009 1639 1267 1679 scientiarum
1288 1636 1494 1677 elementis
1517 1647 1642 1691 agunt
1668 1636 1770 1676 liber
1789 1636 1999 1692 perfectis-

327 1715 452 1755 simus
481 1728 639 1768 semper
675 1711 812 1751 habita
845 1721 940 1751 sunt
973 1709 1153 1750 Euclidis
1189 1709 1428 1759 Elementa,
1463 1721 1555 1762 quae
1587 1706 1629 1746 in
1660 1721 1801 1747 omnes
1828 1707 1997 1748 omnino

327 1784 483 1838 linguas
508 1783 675 1822 suerunt
703 1795 904 1822 conversa.

383 1865 446 1905 Dc
470 1864 690 1904 Elementis
710 1861 890 1902 Euclidis
913 1861 967 1900 sic
989 1859 1198 1900 Cardanus
1220 1875 1228 1899 ε
1258 1859 1448 1914 Quorum
1472 1858 1728 1899 inconcussa
1746 1858 1997 1916 dogmatum

311 1933 535 1986 firmitas,
559 1932 857 1988 perfectioque
885 1929 996 1969 adeo
1025 1929 1219 1968 absoluta
1249 1936 1335 1979 est,
1365 1936 1411 1968 ut
1433 1928 1597 1967 nullum
1625 1941 1730 1981 opus
1755 1927 1854 1967 haic
1878 1927 1999 1967 aliud

329 2016 585 2056 comparare
610 2000 802 2050 amleas5
828 1998 1049 2056 quibusfit
1076 2006 1121 2037 ut
1147 1996 1259 2037 adeo
1284 1996 1479 2037 veritatis
1501 1997 1582 2036 lux
1608 1996 1650 2036 itz
1678 2011 1730 2035 eo
1759 1996 1999 2052 refulgeat,

330 2080 377 2112 ut
401 2071 484 2110 soli
506 2070 552 2110 1ιί
574 2069 616 2109 in
643 2069 791 2109 arduis
820 2067 1121 2126 quaestionibus
1145 2065 1378 2106 videantur
1395 2078 1527 2119 posse
1555 2079 1584 2104 a
1608 2079 1714 2104 vero
1723 2064 1891 2117 falsum
1911 2063 1997 2104 dis-

331 2153 510 2180 cernere
521 2170 534 2189 ,
562 2138 637 2194 qui
653 2137 886 2178 Euclidem
905 2137 1094 2176 habeant
1099 2135 1384 2188 fimziliarem.

387 2209 455 2249 Ait
471 2206 718 2247 Pemberton
738 2221 777 2245 se
795 2221 879 2245 non
904 2206 1023 2245 semel
1046 2205 1288 2246 Newtonem
1309 2202 1506 2243 audivisse
1526 2213 1764 2242 moerentem
1784 2200 1897 2256 quod
1916 2215 1999 2240 sese

331 2277 500 2319 Cartesii
531 2276 784 2329 aliorumque
815 2274 1118 2329 algel)ristarum
1149 2272 1338 2328 operibus
1373 2283 1507 2312 totum
1541 2270 1743 2322 dedisset,
1782 2281 2000 2324 antequam

330 2346 550 2387 studuisset
565 2344 743 2384 Euclidis
760 2343 978 2383 Elememis
994 2375 1005 2395 ,
1032 2354 1070 2382 et
1086 2343 1150 2382 illa
1167 2341 1303 2381 fuisset
1319 2339 1548 2380 meditatus.

389 2416 441 2455 D.
466 2414 699 2470 Lagrange
723 2429 845 2468 quem
867 2414 1085 2453 extinctum
1104 2413 1213 2465 luget
1237 2422 1275 2450 et
1300 2409 1370 2449 diu
1394 2408 1546 2463 lugebit
1571 2407 1734 2462 Europa
1749 2439 1759 2459 ,
1795 2407 1894 2445 mihi
1920 2405 2002 2446 dic-

335 2484 478 2524 titabat
497 2483 774 2524 Geometriam
798 2497 878 2522 esse
901 2482 1078 2536 linguam
1100 2491 1326 2530 mortuam,
1349 2489 1388 2518 et
1411 2477 1482 2533 qui
1507 2477 1550 2516 in
1574 2475 1753 2516 Euclidis
1778 2474 2001 2514 Elementis
